<record><leader>00000cas a22000007a 4500</leader><controlfield tag="001">12380754</controlfield><controlfield tag="008">850813d19211922iaudr ne      0    0eng d</controlfield><datafield ind1=" " ind2=" " tag="010"><subfield code="a">sn 85049713 </subfield></datafield><datafield ind1=" " ind2=" " tag="040"><subfield code="a">INP</subfield><subfield code="b">eng</subfield><subfield code="c">INP</subfield><subfield code="d">OCLCQ</subfield></datafield><datafield ind1=" " ind2=" " tag="042"><subfield code="a">msc</subfield></datafield><datafield ind1="0" ind2="4" tag="245"><subfield code="a">The Republican and times.</subfield></datafield><datafield ind1=" " ind2=" " tag="260"><subfield code="a">Cedar Rapids, Iowa :</subfield><subfield code="b">Luther A. Brewer,</subfield><subfield code="c">1921-1922.</subfield></datafield><datafield ind1=" " ind2=" " tag="300"><subfield code="a">2 v. :</subfield><subfield code="b">ill. ;</subfield><subfield code="c">60 cm.</subfield></datafield><datafield ind1=" " ind2=" " tag="310"><subfield code="a">Daily</subfield></datafield><datafield ind1="0" ind2=" " tag="362"><subfield code="a">Vol. 52, no. 202 (Nov. 1, 1921)-v. 53, no. 206 (Oct. 25, 1922).</subfield></datafield><datafield ind1=" " ind2=" " tag="500"><subfield code="a">Publishers: Luther A. Brewer, Nov. 1, 1921-Oct. 1, 1922; Republican Printing Co., Oct. 2, 1922; J.S. Farquhar, Oct. 3, 1922-Oct. 25, 1922.</subfield></datafield><datafield ind1=" " ind2=" " tag="752"><subfield code="a">United States</subfield><subfield code="b">Iowa</subfield><subfield code="c">Linn</subfield><subfield code="d">Cedar Rapids.</subfield></datafield><datafield ind1="0" ind2="4" tag="780"><subfield code="t">Cedar Rapids Republican (Cedar Rapids, Iowa : 1898)</subfield><subfield code="w">(DLC)sn 85050862</subfield></datafield><datafield ind1="0" ind2="4" tag="780"><subfield code="t">Evening times (Cedar Rapids, Iowa)</subfield><subfield code="w">(DLC)sn 85049723</subfield></datafield><datafield ind1="0" ind2="0" tag="785"><subfield code="t">Cedar Rapids Republican (Cedar Rapids, Iowa : 1922)</subfield><subfield code="w">(DLC)sn 85049714</subfield></datafield></record>